Fecha,Transacción_Detalle,Documento,Lugar,Débitos,Créditos,Saldo
2024 OCT 02,COMPRA EN CANAL ELECTRONI,Z4333696,REDEBAN,140000.00,0.00,16563804.48
2024 OCT 02,DEBITO POR RECAUDO  - ETB REGIONAL BOGOTA 12055099721,,DOMICILIACIONES,31900.00,0.00,16531904.48
2024 OCT 02,TRANSFERENCIA OTRA ENTIDA - 000000800194363 PROVEEDOR 202410021442330000157 FO O DE INVERSION CO,90228343,ACH,0.00,4413070.00,20944974.48
2024 OCT 04,COMPRA INTERNET - 118061608 FIRENZE ETAPA 5,9087392,INTERNET,5000000.00,0.00,15944974.48
2024 OCT 04,TRASLADO A OTRA ENTIDAD,9025779,INTERNET,687301.00,0.00,15257673.48
2024 OCT 05,COMPRA INTERNET - 118137682 FIRENZE ETAPA 5,1841822,INTERNET,5000000.00,0.00,10257673.48
2024 OCT 05,COMPRA EN CANAL ELECTRONI,14942437,REDEBAN,66900.00,0.00,10190773.48
2024 OCT 08,TRANSFERENCIA OTRA ENTIDA - 000000800194363 PROVEEDOR 202410081442330000009 FO O DE INVERSION CO,91371635,ACH,0.00,11473717.00,21664490.48
2024 OCT 08,COMPRA EN CANAL ELECTRONI,S4233225,REDEBAN,321509.00,0.00,21342981.48
2024 OCT 08,COMPRA EN CANAL ELECTRONI,W0726586,ASCREDIBANCO,37500.00,0.00,21305481.48
2024 OCT 09,DB TRANSFEREN OTRA CUENTA,81214405,INTERNET,500000.00,0.00,20805481.48
2024 OCT 09,COMPRA EN CANAL ELECTRONI,4LZO2955,ASCREDIBANCO,39900.00,0.00,20765581.48
2024 OCT 10,COMPRA EN CANAL ELECTRONI,Z8530630,REDEBAN,20960.00,0.00,20744621.48
2024 OCT 12,COMPRA INTERNET - 114591728761079135 Recarga Nequi PSE,7613445,INTERNET,300000.00,0.00,20444621.48
2024 OCT 12,COMPRA INTERNET - 4427364 Deposito a Daviplata por PSE,8046425,INTERNET,60000.00,0.00,20384621.48
2024 OCT 13,COMPRA INTERNET - 119941728837358342 Recarga Nequi PSE,8598528,INTERNET,100000.00,0.00,20284621.48
2024 OCT 13,COMPRA EN CANAL ELECTRONI,89989260,REDEBAN,113270.00,0.00,20171351.48
2024 OCT 15,COMPRA INTERNET - 118559749 FIRENZE ETAPA 5,948320,INTERNET,5000000.00,0.00,15171351.48
2024 OCT 17,COMPRA INTERNET - 177461729175931663 Recarga Nequi PSE,7292127,INTERNET,100000.00,0.00,15071351.48
2024 OCT 17,COMPRA EN CANAL ELECTRONI,QZSH7726,ASCREDIBANCO,15900.00,0.00,15055451.48
2024 OCT 17,COMPRA EN CANAL ELECTRONI,R9614621,REDEBAN,140000.00,0.00,14915451.48
2024 OCT 19,COMPRA INTERNET - 172031729358492358 Recarga Nequi PSE,2327314,INTERNET,400000.00,0.00,14515451.48
2024 OCT 19,COMPRA INTERNET - 4578491 Deposito a Daviplata por PSE,2466557,INTERNET,300000.00,0.00,14215451.48
2024 OCT 19,COMPRA EN CANAL ELECTRONI,M7933762,REDEBAN,66000.00,0.00,14149451.48
2024 OCT 19,COMPRA EN CANAL ELECTRONI,C7008071,REDEBAN,47000.00,0.00,14102451.48
2024 OCT 19,COMPRA EN CANAL ELECTRONI,C9615041,REDEBAN,34850.00,0.00,14067601.48
2024 OCT 20,COMPRA EN CANAL ELECTRONI,Z8894971,REDEBAN,39950.00,0.00,14027651.48
2024 OCT 20,COMPRA INTERNET - 147971729442799632 Recarga Nequi PSE,3730975,INTERNET,400000.00,0.00,13627651.48
2024 OCT 21,COMPRA INTERNET - 143781729521552888 Recarga Nequi PSE,5020101,INTERNET,300000.00,0.00,13327651.48
2024 OCT 21,COMPRA INTERNET - 118874286 FIRENZE ETAPA 5,5793073,INTERNET,6000000.00,0.00,7327651.48
2024 OCT 21,DEBITO POR RECAUDO DOMICILIACIONES - VANTI GAS NATURAL CU63526031,,,18500.00,0.00,7309151.48
2024 OCT 21,COMPRA EN CANAL ELECTRONI,Z3760256,ASCREDIBANCO,49000.00,0.00,7260151.48
2024 OCT 21,COMPRA EN CANAL ELECTRONI,TNGD2035,ASCREDIBANCO,42300.00,0.00,7217851.48
2024 OCT 21,COMPRA INTERNET - 86637595 Pagos,6659758,INTERNET,1070625.00,0.00,6147226.48
2024 OCT 21,COMPRA INTERNET - 243218888172956021 pbCONJUNTORESIDENCIALMILANObrInmueble5203b,6671951,INTERNET,204500.00,0.00,5942726.48
2024 OCT 22,COMPRA INTERNET - 118937870 FIRENZE ETAPA 5,8451104,INTERNET,2167065.00,0.00,3775661.48
2024 OCT 23,COMPRA INTERNET - 139251729697075191 Recarga Nequi PSE,9704874,INTERNET,1500000.00,0.00,2275661.48
2024 OCT 23,COMPRA INTERNET - 139821729714901286 Recarga Nequi PSE,488722,INTERNET,400000.00,0.00,1875661.48
2024 OCT 24,DEBITO POR RECAUDO DOMICILIACIONES - ENEL 76436009,,,100890.00,0.00,1774771.48
2024 OCT 24,COMPRA EN CANAL ELECTRONI,85564742,REDEBAN,33450.00,0.00,1741321.48
2024 OCT 25,COMPRA EN CANAL ELECTRONI,4LZO3123,ASCREDIBANCO,41400.00,0.00,1699921.48
2024 OCT 25,COMPRA INTERNET - 6257767064 PAGO ACUEDUCTO SERVICIO PUBLI TOCANCIPA,4550259,INTERNET,220020.00,0.00,1479901.48
2024 OCT 26,COMPRA EN CANAL ELECTRONI,Y6831440,ASCREDIBANCO,34000.00,0.00,1445901.48
2024 OCT 26,COMPRA EN CANAL ELECTRONI,43841091,ASCREDIBANCO,30000.00,0.00,1415901.48
2024 OCT 26,COMPRA EN CANAL ELECTRONI,10012277,REDEBAN,283755.00,0.00,1132146.48
2024 OCT 27,COMPRA EN CANAL ELECTRONI,J0048334,REDEBAN,47800.00,0.00,1084346.48
2024 OCT 27,COMPRA EN CANAL ELECTRONI,T0YX0214,ASCREDIBANCO,22900.00,0.00,1061446.48
2024 OCT 27,RETIRO RED PROPIA,31719036,CENTRO CHIA,100000.00,0.00,961446.48
2024 OCT 31,TRANSFERENCIA OTRA ENTIDA - 000009001696089 PAGOS 000000000000000000000000 00000000000000000,95500690,ACH,0.00,6733574.00,7695020.48
2024 OCT 31,GRAVAMEN MOVS FINANCIEROS - 118559749 FIRENZE ETAPA 5,12345678,CALLE 53,60628.00,0.00,7634392.48
2024 OCT 31,ABONO DE INTERESES,12345678,CALLE 53,0.00,393.99,7634786.47
2024 NOV 01,"DEBITO POR RECAUDO DOMICILIACIONES - ETB REGIONAL BOGOTA 12055099721",,,"31900.00",0.00,7602886.47
2024 NOV 05,"TRASLADO A OTRA ENTIDAD",70917722,"INTERNET","687301.00",0.00,6915585.47
2024 NOV 08,"RETIRO EFECT. CTA O CERT.",,"PRADO VERANIEGO","6000000.00",0.00,915585.47
2024 NOV 09,"COMPRA EN CANAL ELECTRONI",J5568805,"REDEBAN","21900.00",0.00,893685.47
2024 NOV 13,"COMPRA INTERNET - 157501731533277486 Recarga Nequi PSE",47618370,"INTERNET","100000.00",0.00,793685.47
2024 NOV 15,"DEBITO POR RECAUDO DOMICILIACIONES - CLARO HOGAR 70141243",,,"158700.00",0.00,634985.47
2024 NOV 16,"COMPRA INTERNET - 116481731803252575 Recarga Nequi PSE",56039171,"INTERNET","100000.00",0.00,534985.47
2024 NOV 16,"COMPRA EN CANAL ELECTRONI",14943126,"REDEBAN","46150.00",0.00,488835.47
2024 NOV 17,"COMPRA EN CANAL ELECTRONI",Z2257941,"REDEBAN","84150.00",0.00,404685.47
2024 NOV 18,"COMPRA EN CANAL ELECTRONI",A4934036,"REDEBAN","70000.00",0.00,334685.47
2024 NOV 18,"COMPRA EN CANAL ELECTRONI",Z2423684,"ASCREDIBANCO","24900.00",0.00,309785.47
2024 NOV 19,"COMPRA EN CANAL ELECTRONI",Z8895861,"REDEBAN","20400.00",0.00,289385.47
2024 NOV 19,"COMPRA EN CANAL ELECTRONI",C4224556,"REDEBAN","20000.00",0.00,269385.47
2024 NOV 19,"COMPRA EN CANAL ELECTRONI",Z3762226,"ASCREDIBANCO","24000.00",0.00,245385.47
2024 NOV 20,"COMPRA EN CANAL ELECTRONI",WXBW1111,"ASCREDIBANCO","35000.00",0.00,210385.47
2024 NOV 21,"DEBITO POR RECAUDO DOMICILIACIONES - VANTI GAS NATURAL CU63526031",,,"11920.00",0.00,198465.47
2024 NOV 22,"COMPRA EN CANAL ELECTRONI",A5836989,"ASCREDIBANCO","18900.00",0.00,179565.47
2024 NOV 22,"COMPRA EN CANAL ELECTRONI",59920609,"REDEBAN","34000.00",0.00,145565.47
2024 NOV 22,"COMPRA EN CANAL ELECTRONI",75169423,"ASCREDIBANCO","39000.00",0.00,106565.47
2024 NOV 23,"COMPRA EN CANAL ELECTRONI",Z2422393,"ASCREDIBANCO","24900.00",0.00,81665.47
2024 NOV 24,"COMPRA EN CANAL ELECTRONI",J1731249,"ASCREDIBANCO","20700.00",0.00,60965.47
2024 NOV 28,"TRANSFERENCIA OTRA ENTIDA - 000009001696089 PAGOS 000000000000000000000000 00000000000000000",00794073,"ACH",0.00,"6249835.00",6310800.47
2024 NOV 28,"DEBITO POR RECAUDO DOMICILIACIONES - ENEL 76436009",,,"92960.00",0.00,6217840.47
2024 NOV 29,"RETIRO RED PROPIA",20478667,"ZIPAQUIRA III","200000.00",0.00,6017840.47
2024 NOV 30,"DEBITO POR RECAUDO DOMICILIACIONES - ETB REGIONAL BOGOTA 12055099721",,,"31900.00",0.00,5985940.47
2024 NOV 30,"DB TRANSFEREN OTRA CUENTA",65947200,"INTERNET","500000.00",0.00,5485940.47
2024 NOV 30,"ABONO DE INTERESES",12345678,"CALLE 53",0.00,"210.67",5486151.14
2024 DIC 01,"COMPRA EN CANAL ELECTRONI",Z2423303,ASCREDIBANCO,62500.00,0.00,5423651.14
2024 DIC 02,"COMPRA INTERNET - 122841733155892110 Recarga Nequi PSE",93150313,INTERNET,500000.00,0.00,4923651.14
2024 DIC 02,"DB TRANSFEREN OTRA CUENTA",27670692,INTERNET,2000000.00,0.00,2923651.14
2024 DIC 02,"DB TRANSFEREN OTRA CUENTA",82129416,INTERNET,400000.00,0.00,2523651.14
2024 DIC 02,"COMPRA INTERNET - 175301733182431915 Recarga Nequi PSE",94855812,INTERNET,500000.00,0.00,2023651.14
2024 DIC 02,"COMPRA EN CANAL ELECTRONI",C4224959,REDEBAN,19000.00,0.00,2004651.14
2024 DIC 04,"TRASLADO A OTRA ENTIDAD",77710492,INTERNET,839034.00,0.00,1165617.14
2024 DIC 05,"COMPRA EN CANAL ELECTRONI",W5382813,REDEBAN,29400.00,0.00,1136217.14
2024 DIC 07,"RETIRO RED PROPIA",31325822,"QUIRIGUA III",150000.00,0.00,986217.14
2024 DIC 08,"COMPRA EN CANAL ELECTRONI",BDNF4072,ASCREDIBANCO,270913.00,0.00,715304.14
2024 DIC 13,"COMPRA EN CANAL ELECTRONI",Z2421858,ASCREDIBANCO,24900.00,0.00,690404.14
2024 DIC 13,"COMPRA EN CANAL ELECTRONI",Z4495669,REDEBAN,120000.00,0.00,570404.14
2024 DIC 15,"COMPRA INTERNET - 126171734287261348 Recarga Nequi PSE",28622274,INTERNET,250000.00,0.00,320404.14
2024 DIC 15,"COMPRA EN CANAL ELECTRONI",Z8896541,REDEBAN,25300.00,0.00,295104.14
2024 DIC 16,"DEBITO POR RECAUDO DOMICILIACIONES - CLARO HOGAR 70141243",,,14306.00,0.00,280798.14
2024 DIC 17,"COMPRA EN CANAL ELECTRONI",Z3459791,ASCREDIBANCO,44000.00,0.00,236798.14
2024 DIC 19,"DEBITO POR RECAUDO DOMICILIACIONES - VANTI GAS NATURAL CU63526031",,,17820.00,0.00,218978.14
2024 DIC 20,"TRANSFERENCIA OTRA ENTIDA - 000009001696089 PAGOS 000000000000000000000000 00000000000000000",06394138,ACH,0.00,3774834.00,3993812.14
2024 DIC 21,"RETIRO RED PROPIA",00455029,"PRADO VERANIEGO",300000.00,0.00,3693812.14
2024 DIC 21,"COMPRA EN CANAL ELECTRONI",SSXP8462,ASCREDIBANCO,31900.00,0.00,3661912.14
2024 DIC 21,"COMPRA EN CANAL ELECTRONI",K1135101,REDEBAN,178552.00,0.00,3483360.14
2024 DIC 22,"COMPRA EN CANAL ELECTRONI",Z9449687,REDEBAN,94000.00,0.00,3389360.14
2024 DIC 23,"COMPRA EN CANAL ELECTRONI",TNGD8921,ASCREDIBANCO,60650.00,0.00,3328710.14
2024 DIC 23,"DB TRANSFEREN OTRA CUENTA",49975166,INTERNET,500000.00,0.00,2828710.14
2024 DIC 24,"COMPRA EN CANAL ELECTRONI",90041680,ASCREDIBANCO,125890.00,0.00,2702820.14
2024 DIC 24,"COMPRA EN CANAL ELECTRONI",Z4462197,REDEBAN,59850.00,0.00,2642970.14
2024 DIC 26,"COMPRA EN CANAL ELECTRONI",Z3767970,ASCREDIBANCO,12500.00,0.00,2630470.14
2024 DIC 26,"COMPRA EN CANAL ELECTRONI",90562659,REDEBAN,5890.00,0.00,2624580.14
2024 DIC 26,"COMPRA INTERNET - 6292550 Dep sito a Daviplata por PSE",55019164,INTERNET,500000.00,0.00,2124580.14
2024 DIC 27,"TRANSFERENCIA OTRA ENTIDA - 000009001696089 PAGOS 000000000000000000000000 00000000000000000",07829182,ACH,0.00,6106133.00,8230713.14
2024 DIC 27,"DEBITO POR RECAUDO DOMICILIACIONES - ENEL 76436009",,,109620.00,0.00,8121093.14
2024 DIC 27,"COMPRA EN CANAL ELECTRONI",A4577433,ASCREDIBANCO,47600.00,0.00,8073493.14
2024 DIC 27,"COMPRA EN CANAL ELECTRONI",87262225,REDEBAN,37330.00,0.00,8036163.14
2024 DIC 27,"COMPRA EN CANAL ELECTRONI",Z9834226,REDEBAN,20700.00,0.00,8015463.14
2024 DIC 28,"COMPRA EN CANAL ELECTRONI",Q2656731,REDEBAN,100000.00,0.00,7915463.14
2024 DIC 29,"COMPRA EN CANAL ELECTRONI",A4578547,ASCREDIBANCO,44600.00,0.00,7870863.14
2024 DIC 29,"COMPRA EN CANAL ELECTRONI",80YJ6302,ASCREDIBANCO,14700.00,0.00,7856163.14
2024 DIC 29,"COMPRA INTERNET - 130501735503526526 Recarga Nequi PSE",60883135,INTERNET,300000.00,0.00,7556163.14
2024 DIC 29,"COMPRA EN CANAL ELECTRONI",Y4934932,REDEBAN,32645.00,0.00,7523518.14
2024 DIC 29,"COMPRA EN CANAL ELECTRONI",Z9834292,REDEBAN,11800.00,0.00,7511718.14
2024 DIC 29,"COMPRA EN CANAL ELECTRONI",Z9834293,REDEBAN,28000.00,0.00,7483718.14
2024 DIC 29,"COMPRA EN CANAL ELECTRONI",A4570674,ASCREDIBANCO,27600.00,0.00,7456118.14
2024 DIC 31,"COMPRA EN CANAL ELECTRONI",58507451,REDEBAN,244500.00,0.00,7211618.14
2024 DIC 31,"COMPRA EN CANAL ELECTRONI",BYBJ0501,ASCREDIBANCO,66850.00,0.00,7144768.14
2024 DIC 31,"COMPRA EN CANAL ELECTRONI",Q8080869,REDEBAN,91163.00,0.00,7053605.14
2024 DIC 31,"COMPRA EN CANAL ELECTRONI",Z2332283,REDEBAN,87300.00,0.00,6966305.14
2024 DIC 31,"ABONO DE INTERESES",12345678,"CALLE 53",0.00,39.70,6966344.84
2025 ENE 01,"COMPRA EN CANAL ELECTRONI",Z4552551,ASCREDIBANCO,27000.00,0.00,6939344.84
2025 ENE 02,"COMPRA EN CANAL ELECTRONI",E1109946,ASCREDIBANCO,19900.00,0.00,6919444.84
2025 ENE 02,"COMPRA EN CANAL ELECTRONI",71621929,REDEBAN,44900.00,0.00,6874544.84
2025 ENE 02,"COMPRA EN CANAL ELECTRONI",Z0564622,ASCREDIBANCO,22000.00,0.00,6852544.84
2025 ENE 03,"DB PAGO PRESTAMO",00134200,INTERNET,1661210.00,0.00,5191334.84
2025 ENE 03,"DB TRANSFEREN OTRA CUENTA",44127449,INTERNET,500000.00,0.00,4691334.84
2025 ENE 03,"COMPRA EN CANAL ELECTRONI",Z9727405,REDEBAN,11100.00,0.00,4680234.84
2025 ENE 03,"RETIRO RED PROPIA",25233656,"CC FONTANAR",200000.00,0.00,4480234.84
2025 ENE 03,"COMPRA EN CANAL ELECTRONI",Z5595043,REDEBAN,42223.00,0.00,4438011.84
2025 ENE 04,"COMPRA EN CANAL ELECTRONI",Z4331376,REDEBAN,184605.00,0.00,4253406.84
2025 ENE 05,"COMPRA EN CANAL ELECTRONI",Z5595454,REDEBAN,58440.00,0.00,4194966.84
2025 ENE 06,"RETIRO RED PROPIA",20476320,"ZIPAQUIRA III",100000.00,0.00,4094966.84
2025 ENE 06,"COMPRA EN CANAL ELECTRONI",11944145,REDEBAN,109900.00,0.00,3985066.84
2025 ENE 06,"COMPRA EN CANAL ELECTRONI",Z4721676,ASCREDIBANCO,72500.00,0.00,3912566.84
2025 ENE 06,"COMPRA EN CANAL ELECTRONI",BQJX5082,ASCREDIBANCO,10400.00,0.00,3902166.84
2025 ENE 07,"COMPRA EN CANAL ELECTRONI",A4579655,ASCREDIBANCO,42500.00,0.00,3859666.84
2025 ENE 09,"COMPRA EN CANAL ELECTRONI",A4577116,ASCREDIBANCO,32000.00,0.00,3827666.84
2025 ENE 09,"COMPRA EN CANAL ELECTRONI",Z5873578,REDEBAN,98050.00,0.00,3729616.84
2025 ENE 09,"COMPRA EN CANAL ELECTRONI",05540246,ASCREDIBANCO,114100.00,0.00,3615516.84
2025 ENE 09,"COMPRA EN CANAL ELECTRONI",87246607,REDEBAN,83970.00,0.00,3531546.84
2025 ENE 11,"COMPRA INTERNET - 134861736616098900 Recarga Nequi PSE",87889030,INTERNET,200000.00,0.00,3331546.84
2025 ENE 12,"COMPRA EN CANAL ELECTRONI",Z4340757,REDEBAN,40000.00,0.00,3291546.84
2025 ENE 12,"COMPRA EN CANAL ELECTRONI",A4576796,ASCREDIBANCO,37800.00,0.00,3253746.84
2025 ENE 13,"COMPRA EN CANAL ELECTRONI",T1826327,REDEBAN,32000.00,0.00,3221746.84
2025 ENE 14,"COMPRA EN CANAL ELECTRONI",A4962842,REDEBAN,169020.00,0.00,3052726.84
2025 ENE 14,"COMPRA EN CANAL ELECTRONI",Z5596976,REDEBAN,28870.00,0.00,3023856.84
2025 ENE 14,"COMPRA INTERNET - 7140441844 PAGO CONJUNTO RESIDENCIAL FIRENZE PH",93024310,INTERNET,319700.00,0.00,2704156.84
2025 ENE 14,"COMPRA INTERNET - 134301736890900626 Recarga Nequi PSE",93910090,INTERNET,600000.00,0.00,2104156.84
2025 ENE 15,"COMPRA EN CANAL ELECTRONI",Z9835548,REDEBAN,8100.00,0.00,2096056.84
2025 ENE 15,"DEBITO POR RECAUDO DOMICILIACIONES - CLARO HOGAR 70141243",,,61900.00,0.00,2034156.84
2025 ENE 16,"RETIRO RED PROPIA",10475164,"ZIPAQUIRA II",1300000.00,0.00,734156.84
2025 ENE 16,"COMPRA EN CANAL ELECTRONI",Z9835695,REDEBAN,21400.00,0.00,712756.84
2025 ENE 16,"COMPRA EN CANAL ELECTRONI",A3980719,REDEBAN,11600.00,0.00,701156.84
2025 ENE 17,"COMPRA EN CANAL ELECTRONI",KHEB0251,ASCREDIBANCO,24000.00,0.00,677156.84
2025 ENE 17,"COMPRA EN CANAL ELECTRONI",98163057,REDEBAN,13840.00,0.00,663316.84
2025 ENE 18,"COMPRA EN CANAL ELECTRONI",P5868435,REDEBAN,122000.00,0.00,541316.84
2025 ENE 18,"COMPRA EN CANAL ELECTRONI",Z7779885,ASCREDIBANCO,60900.00,0.00,480416.84
2025 ENE 19,"COMPRA EN CANAL ELECTRONI",BQJX1742,ASCREDIBANCO,6400.00,0.00,474016.84
2025 ENE 20,"COMPRA EN CANAL ELECTRONI",52611834,ASCREDIBANCO,40000.00,0.00,434016.84
2025 ENE 23,"DEBITO POR RECAUDO - ENEL 78245684 03124400 0701",,INTERNET,39940.00,0.00,394076.84
2025 ENE 23,"DEBITO POR RECAUDO - VANTI GAS NATURAL CU63526031 44486161 0701",,INTERNET,15960.00,0.00,378116.84
2025 ENE 23,"COMPRA INTERNET - 1561189 SIMILPAY - EMPRESAS P BLICAS DE ZIPAQUIR",14084726,INTERNET,37698.00,0.00,340418.84
2025 ENE 23,"DEBITO POR RECAUDO DOMICILIACIONES - VANTI GAS NATURAL CU63526031",,,15960.00,0.00,324458.84
2025 ENE 25,"COMPRA EN CANAL ELECTRONI",BYBJ3272,ASCREDIBANCO,11800.00,0.00,312658.84
2025 ENE 25,"COMPRA EN CANAL ELECTRONI",Q8081231,REDEBAN,26000.00,0.00,286658.84
2025 ENE 25,"COMPRA EN CANAL ELECTRONI",Z2328454,REDEBAN,17250.00,0.00,269408.84
2025 ENE 26,"COMPRA EN CANAL ELECTRONI",Z3748786,ASCREDIBANCO,134500.00,0.00,134908.84
2025 ENE 27,"COMPRA INTERNET - 196001737946884768 Recarga Nequi PSE",21399797,INTERNET,70000.00,0.00,64908.84
2025 ENE 30,"TRANSFERENCIA OTRA ENTIDA - 000009001696089 PAGOS 000000000000000000000000 00000000000000000",13719834,ACH,0.00,7221552.00,7286460.84
2025 ENE 31,"COMPRA INTERNET - 3641512234 Pago de Productos Banco Falabella",31508611,INTERNET,385028.00,0.00,6901432.84
2025 ENE 31,"ABONO DE INTERESES",12345678,CALLE 53,0.00,113.21,6901546.05
2025 FEB 01,"COMPRA INTERNET - 7079834 Dep sito a Daviplata por PSE",35094812,INTERNET,200000.00,0.00,6701546.05
2025 FEB 03,"TRASLADO A OTRA ENTIDAD",59994456,INTERNET,75000.00,0.00,6626546.05
2025 FEB 04,"COMPRA INTERNET - 128231738676760859 Recarga Nequi PSE",42105075,INTERNET,400000.00,0.00,6226546.05
2025 FEB 05,"DB PAGO PRESTAMO",00134200,INTERNET,1667580.00,0.00,4558966.05
2025 FEB 05,"DB TRANSFEREN OTRA CUENTA",03814918,INTERNET,500000.00,0.00,4058966.05
2025 FEB 06,"TRASLADO A OTRA ENTIDAD",81504085,INTERNET,737130.00,0.00,3321836.05
2025 FEB 06,"COMPRA INTERNET - 134741738889003901 Recarga Nequi PSE",49631503,INTERNET,100000.00,0.00,3221836.05
2025 FEB 07,"DEBITO POR RECAUDO DOMICILIACIONES - ENEL 78245684",,,73830.00,0.00,3148006.05
2025 FEB 08,"RETIRO RED PROPIA",20472671,"ZIPAQUIRA III",300000.00,0.00,2848006.05
2025 FEB 10,"TRASLADO A OTRA ENTIDAD",65066148,INTERNET,60000.00,0.00,2788006.05
2025 FEB 16,"COMPRA INTERNET - 7161468906 PAGO ACUEDUCTO SERVICIO PUBLI TOCANCIPA",71417649,INTERNET,255590.00,0.00,2532416.05
2025 FEB 17,"TRASLADO A OTRA ENTIDAD",31063137,INTERNET,75000.00,0.00,2457416.05
2025 FEB 17,"COMPRA INTERNET - 190741739814846627 Recarga Nequi PSE",73263486,INTERNET,200000.00,0.00,2257416.05
2025 FEB 17,"DEBITO POR RECAUDO DOMICILIACIONES - CLARO HOGAR 70141243",,,70527.00,0.00,2186889.05
2025 FEB 23,"TRASLADO A OTRA ENTIDAD",17102470,INTERNET,75000.00,0.00,2111889.05
2025 FEB 26,"COMPRA EN CANAL ELECTRONI",G5390319,REDEBAN,2000000.00,0.00,111889.05
2025 FEB 27,"TRANSFERENCIA OTRA ENTIDA - 000009001696089 PAGOS 000000000000000000000000 00000000000000000",19265113,ACH,0.00,6228296.00,6340185.05
2025 FEB 28,"ABONO DE INTERESES",12345678,CALLE 53,0.00,77.09,6340262.14
2025 MAR 02,"TRASLADO A OTRA ENTIDAD",45466998,INTERNET,75000.00,0.00,6265262.14
2025 MAR 03,"COMPRA INTERNET - 7032043797 PAGO",07504568,INTERNET,3179479.00,0.00,3085783.14
2025 MAR 03,"DB TRANSFEREN OTRA CUENTA",17630494,INTERNET,500000.00,0.00,2585783.14
2025 MAR 04,"TRASLADO A OTRA ENTIDAD",97477470,INTERNET,737171.00,0.00,1848612.14
2025 MAR 05,"DB PAGO PRESTAMO",00134200,INTERNET,1679240.00,0.00,169372.14
2025 MAR 08,"DEBITO POR RECAUDO DOMICILIACIONES - ENEL 78245684",,,94690.00,0.00,74682.14
2025 MAR 10,"COMPRA EN CANAL ELECTRONI",Z5596132,REDEBAN,31840.00,0.00,42842.14
2025 MAR 25,"TRANSFERENCIA OTRA ENTIDA - 000008999992844 PAGOS 0010125465 10003 GIRO DE",24253425,ACH,0.00,7856261.00,7899103.14
2025 MAR 28,"COMPRA INTERNET - 165641743181827154 Recarga Nequi PSE",67664777,INTERNET,100000.00,0.00,7799103.14
2025 MAR 28,"TRANSFERENCIA OTRA ENTIDA - 000009001696089 PAGOS 000000000000000000000000 00000000000000000",25051661,ACH,0.00,30531392.33,38330495.47
2025 MAR 31,"ABONO DE INTERESES",12345678,CALLE 53,0.00,60.98,38330556.45
2025 ABR 02,"COMPRA INTERNET - 7022825407 PAGO",81551609,INTERNET,3702636.00,0.00,34627920.45
2025 ABR 04,"TRASLADO A OTRA ENTIDAD",87240493,INTERNET,737171.00,0.00,33890749.45
2025 ABR 04,"DB PAGO PRESTAMO",00247329,ZIPAQUIRA,3000000.00,0.00,30890749.45
2025 ABR 09,"DEBITO POR RECAUDO DOMICILIACIONES - ENEL 78245684",,,92310.00,0.00,30798439.45
2025 ABR 13,"RETIRO RED PROPIA",10472791,"ZIPAQUIRA II",400000.00,0.00,30398439.45
2025 ABR 14,"COMPRA INTERNET - 131941744665851330 Recarga Nequi PSE",10365317,INTERNET,300000.00,0.00,30098439.45
2025 ABR 15,"DEBITO POR RECAUDO DOMICILIACIONES - CLARO HOGAR 70141243",,,60720.00,0.00,30037719.45
2025 ABR 19,"DB O RETIRO OTRAS REDES",24437048,ASCREDIBANCO,400000.00,0.00,29637719.45
2025 ABR 19,"COM UTILIZACION OTRAS RED",24437048,ASCREDIBANCO,7490.00,0.00,29630229.45
2025 ABR 19,"COMPRA EN CANAL ELECTRONI",1ZPA6381,ASCREDIBANCO,64990.00,0.00,29565239.45
2025 ABR 25,"COMPRA ESTABLECIMIENTO IN",22801822,INTERNET,54300.00,0.00,29510939.45
2025 ABR 26,"COMPRA INTERNET - 114041745717688879 Recarga Nequi PSE",37258221,INTERNET,100000.00,0.00,29410939.45
2025 ABR 30,"ABONO DE INTERESES",12345678,"CALLE 53",0.00,562.74,29411502.19
2025 MAY 04,"RETIRO RED PROPIA",31715628,"CENTRO CHIA",200000.00,0.00,29211502.19
2025 MAY 05,"DB REPOSICION TARJETA DB",,"LA FELICIDAD",14130.00,0.00,29197372.19
2025 MAY 06,"RETIRO EFECT. CTA O CERT.",,"ZIPAQUIRA",10000000.00,0.00,19197372.19
2025 MAY 06,"COMPRA INTERNET - 7063775558 PAGO BANCO POPULAR - TARJETA DE CR DITO VI",62410662,INTERNET,1000000.00,0.00,18197372.19
2025 MAY 06,"TRASLADO A OTRA ENTIDAD",23779877,INTERNET,737171.00,0.00,17460201.19
2025 MAY 08,"COMPRA INTERNET - 175521746715942312 Recarga Nequi PSE",67062018,INTERNET,250000.00,0.00,17210201.19
2025 MAY 08,"DEBITO POR RECAUDO DOMICILIACIONES - ENEL 78245684",,,89090.00,0.00,17121111.19
2025 MAY 09,"UTILIZAC. TAR. DEB EN POS",,"TARJETA DEBITO",0.00,54300.00,17175411.19
2025 MAY 12,"COMPRA INTERNET - 131431083 Matricula Profesional",76649723,INTERNET,568000.00,0.00,16607411.19
2025 MAY 13,"COMPRA INTERNET - 1678264237 Pago Regular 1010200410 - ALVARADO CASTIL",77559680,INTERNET,49000.00,0.00,16558411.19
2025 MAY 13,"COMPRA EN CANAL ELECTRONI",Z9835584,REDEBAN,13000.00,0.00,16545411.19
2025 MAY 14,"COMPRA INTERNET - 111126285617 Pago a traves de PSE 111126285617",80097957,INTERNET,63192.00,0.00,16482219.19
2025 MAY 14,"COMPRA EN CANAL ELECTRONI",98165442,ASCREDIBANCO,19490.00,0.00,16462729.19
2025 MAY 15,"RETIRO EFECT. CTA O CERT.",,"ZIPAQUIRA",1700000.00,0.00,14762729.19
2025 MAY 15,"DEBITO POR RECAUDO",10202508,ZIPAQUIRA,1010897.00,0.00,13751832.19
2025 MAY 15,"DEBITO POR RECAUDO DOMICILIACIONES - CLARO HOGAR 70141243",,,60720.00,0.00,13691112.19
2025 MAY 15,"COMPRA INTERNET - 7154026032 PAGO CONJUNTO RESIDENCIAL FIRENZE PH",85139776,INTERNET,442500.00,0.00,13248612.19
2025 MAY 16,"COMPRA EN CANAL ELECTRONI",Z2672075,ASCREDIBANCO,14557.00,0.00,13234055.19
2025 MAY 19,"COMPRA INTERNET - 114031747676584038 Recarga Nequi PSE",92553296,INTERNET,100000.00,0.00,13134055.19
2025 MAY 19,"COMPRA EN CANAL ELECTRONI",A4944032,REDEBAN,177423.00,0.00,12956632.19
2025 MAY 19,"COMPRA EN CANAL ELECTRONI",Z9836110,REDEBAN,17200.00,0.00,12939432.19
2025 MAY 22,"COMPRA EN CANAL ELECTRONI",Z2334141,REDEBAN,101900.00,0.00,12837532.19
2025 MAY 23,"COMPRA EN CANAL ELECTRONI",Z6474523,REDEBAN,37600.00,0.00,12799932.19
2025 MAY 23,"COMPRA EN CANAL ELECTRONI",Z5588021,ASCREDIBANCO,63420.00,0.00,12736512.19
2025 MAY 25,"COMPRA EN CANAL ELECTRONI",KHEB0842,ASCREDIBANCO,110500.00,0.00,12626012.19
2025 MAY 25,"COMPRA INTERNET - 132871748207897505 Recarga Nequi PSE",05876716,INTERNET,120000.00,0.00,12506012.19
2025 MAY 25,"COMPRA INTERNET - 1680397481 Pago Regular 1010200410 - ALVARADO CASTIL",06192935,INTERNET,879500.00,0.00,11626512.19
2025 MAY 26,"COMPRA INTERNET - 112409938405 Pago a traves de PSE 112409938405",06951054,INTERNET,95000.00,0.00,11531512.19
2025 MAY 26,"COMPRA EN CANAL ELECTRONI",Z9836633,REDEBAN,36900.00,0.00,11494612.19
2025 MAY 26,"COMPRA EN CANAL ELECTRONI",Z5580269,ASCREDIBANCO,20083.00,0.00,11474529.19
2025 MAY 26,"COMPRA INTERNET - 77875 SIMILPAY - EMPRESAS P BLICAS DE ZIPAQUIR",08291086,INTERNET,106572.00,0.00,11367957.19
2025 MAY 27,"COMPRA EN CANAL ELECTRONI - TIENDAS ARA ZIPAQUIRA CO",,"ASCREDIBANCO",52030.00,0.00,11315927.19
2025 MAY 28,"DB O RETIRO OTRAS REDES - SVB 4810_Kra 43 No 171100100BOGOTABOGCO",48107173,SERVIBANCA,200000.00,0.00,11115927.19
2025 MAY 28,"COMPRA EN CANAL ELECTRONI - EXITO NORTE BOGOTA CO",,"ASCREDIBANCO",20720.00,0.00,11095207.19
2025 MAY 29,"COMPRA EN CANAL ELECTRONI - LONG HANG GRAN ESTACIABOGOTA BOGCO",,"REDEBAN",33800.00,0.00,11061407.19
2025 MAY 30,"COMPRA EN CANAL ELECTRONI - OXXO ELEMENTO BOGOTA CO",,"ASCREDIBANCO",8650.00,0.00,11052757.19
2025 MAY 30,"RETIRO RED PROPIA",01571926,"AVENIDA EL DORADO",550000.00,0.00,10502757.19
2025 MAY 30,"ABONO NOMINA - INTER RAPIDISPNOMINA QUINCENA",37440846,ACH,0.00,770402.00,11273159.19
2025 MAY 31,"COMPRA EN CANAL ELECTRONI - EDS LA CORRALEJA GACHANCIPA CUNCO",,"REDEBAN",100000.00,0.00,11173159.19
2025 MAY 31,"DB O RETIRO OTRAS REDES - SVB 2601_Via Bogota-T2529500GACHANCUNCO",26011078,SERVIBANCA,300000.00,0.00,10873159.19
2025 MAY 31,"GRAVAMEN MOVS FINANCIEROS - 1680397481 Pago Regular 1010200410 - ALVARADO CASTIL",12345678,"CALLE 53",7530.00,0.00,10865629.19
2025 MAY 31,"IVA SOBRE COMISIONES",12345678,"CALLE 53",2685.00,0.00,10862944.19
2025 MAY 31,"ABONO DE INTERESES",12345678,"CALLE 53",0.00,801.44,10863745.63
2025 JUN 02,"COMPRA EN CANAL ELECTRONI - GUANAQUE MACANAL CO",,"ASCREDIBANCO",109000.00,0.00,10754745.63
2025 JUN 02,"COMPRA EN CANAL ELECTRONI - LA CANASTA CAMPSINA LGZIPAQUIRA CUNCO",,"REDEBAN",48700.00,0.00,10706045.63
2025 JUN 02,"COMPRA EN CANAL ELECTRONI - TINDA DE CARNES EL NOGZIPAQUIRA CO",,"ASCREDIBANCO",56900.00,0.00,10649145.63
2025 JUN 02,"COMPRA EN CANAL ELECTRONI - SALSAMENTARIA DEL ZIPAZIPAQUIRA CO",,"ASCREDIBANCO",36350.00,0.00,10612795.63
2025 JUN 02,"COMPRA EN CANAL ELECTRONI - GRAN FRUVAR DEL ZIPA ZIPAQUIRA CUNCO",,"REDEBAN",10300.00,0.00,10602495.63
2025 JUN 02,"COMPRA EN CANAL ELECTRONI - MARKET POINT DC ZIPAQUIRA CUNCO",,"REDEBAN",20000.00,0.00,10582495.63
2025 JUN 03,"COMPRA EN CANAL ELECTRONI - OXXO ELEMENTO BOGOTA CO",,"ASCREDIBANCO",10750.00,0.00,10571745.63
2025 JUN 03,"RETIRO RED PROPIA",01572513,"AVENIDA EL DORADO",200000.00,0.00,10371745.63
2025 JUN 06,"COMPRA INTERNET - 1682761394 Pago Regular 1010200410 - ALVARADO CASTIL",36420609,INTERNET,89500.00,0.00,10282245.63
2025 JUN 07,"COMPRA EN CANAL ELECTRONI - SANDIWCH QBANO BOGOTA BOGCO",,"REDEBAN",21900.00,0.00,10260345.63
2025 JUN 08,"COMPRA INTERNET - 122671749410518382 Recarga Nequi PSE",39770231,INTERNET,250000.00,0.00,10010345.63
2025 JUN 09,"COMPRA INTERNET - 287913429174947439 Pago multiples facturas Movistar",40699149,INTERNET,28194.00,0.00,9982151.63
2025 JUN 09,"COMPRA EN CANAL ELECTRONI - OXXO ELEMENTO BOGOTA CO",,"ASCREDIBANCO",7050.00,0.00,9975101.63
2025 JUN 09,"DB PAGO PRESTAMO",00073858,"AVENIDA EL DORADO",4000000.00,0.00,5975101.63
2025 JUN 09,"RETIRO RED PROPIA",01573356,"AVENIDA EL DORADO",200000.00,0.00,5775101.63
2025 JUN 09,"COMPRA EN CANAL ELECTRONI - PHARMAPIEL BOGOTA CO",,"ASCREDIBANCO",161000.00,0.00,5614101.63
2025 JUN 11,"COMPRA ESTABLECIMIENTO IN",19884361,INTERNET,499900.00,0.00,5114201.63
2025 JUN 11,"DEBITO POR RECAUDO DOMICILIACIONES - ENEL 78245684",,,86370.00,0.00,5027831.63
2025 JUN 12,"COMPRA INTERNET - 10231988 Payments Way Merchant",48326652,INTERNET,10210.00,0.00,5017621.63
2025 JUN 13,"ABONO NOMINA - INTER RAPIDISPNOMINA QUINCENA",40248541,ACH,0.00,3852010.00,8869631.63
2025 JUN 14,"COMPRA EN CANAL ELECTRONI - CAC*DROGUERIA MI FARMAZIPAQUIRA CO",,"ASCREDIBANCO",46400.00,0.00,8823231.63
2025 JUN 15,"COMPRA EN CANAL ELECTRONI - PAYMENTS WAY ZIPAQUIRA CO",,"ASCREDIBANCO",437438.00,0.00,8385793.63
2025 JUN 16,"DB TRANSFEREN OTRA CUENTA",36876728,INTERNET,500000.00,0.00,7885793.63
2025 JUN 16,"RETIRO RED PROPIA",01574450,"AVENIDA EL DORADO",200000.00,0.00,7685793.63
2025 JUN 16,"DEBITO POR RECAUDO DOMICILIACIONES - CLARO HOGAR 70141243",,,60720.00,0.00,7625073.63
2025 JUN 20,"ABONO NOMINA - INTER RAPIDISPNOMINA QUINCENA",41591270,ACH,0.00,767611.00,8392684.63
2025 JUN 23,"COMPRA EN CANAL ELECTRONI - BOLD*Pijamas a un cl CAJICA CO",,"ASCREDIBANCO",40000.00,0.00,8352684.63
2025 JUN 23,"RETIRO RED PROPIA",20474967,"ZIPAQUIRA III",200000.00,0.00,8152684.63
2025 JUN 25,"COMPRA EN CANAL ELECTRONI - OXXO ELEMENTO BOGOTA CO",,"ASCREDIBANCO",7450.00,0.00,8145234.63
2025 JUN 25,"COMPRA EN CANAL ELECTRONI - PANADERIA Y PASTELERIABOGOTA BOGCO",,"REDEBAN",11500.00,0.00,8133734.63
2025 JUN 27,"ABONO NOMINA - INTER RAPIDISPNOMINA QUINCENA",43244214,ACH,0.00,3581212.00,11714946.63
2025 JUN 27,"DB O RETIRO OTRAS REDES - SVB 4382_C.CIAL BULEV1100100BOGOTABOGCO",43823233,SERVIBANCA,200000.00,0.00,11514946.63
2025 JUN 27,"COMPRA EN CANAL ELECTRONI - SUBWAY BOGOTA BOGCO",,"REDEBAN",19900.00,0.00,11495046.63
2025 JUN 28,"COMPRA EN CANAL ELECTRONI - LOS CHILACOS RESTAURANZIPAQUIRA CO",,"ASCREDIBANCO",61000.00,0.00,11434046.63
2025 JUN 29,"COMPRA EN CANAL ELECTRONI - TIENDA D1 ZIPAQUIRA TOZIPAQUIRA CO",,"ASCREDIBANCO",42590.00,0.00,11391456.63
2025 JUN 30,"ABONO DE INTERESES",12345678,"CALLE 53",0.00,346.00,11391802.63
2025 JUL 01,"DB TRANSFEREN OTRA CUENTA",43688091,INTERNET,500000.00,0.00,10891802.63
2025 JUL 03,"COMPRA EN CANAL ELECTRONI - OXXO ELEMENTO BOGOTA CO",,"ASCREDIBANCO",5900.00,0.00,10885902.63
2025 JUL 03,"COMPRA INTERNET - 197931751560526330 Recarga Nequi PSE",00018511,INTERNET,200000.00,0.00,10685902.63
2025 JUL 05,"DEBITO POR RECAUDO DOMICILIACIONES - ENEL 78245684",,,77880.00,0.00,10608022.63
2025 JUL 05,"RETIRO RED PROPIA",21323913,"EXITO QUIRIGUA",300000.00,0.00,10308022.63
2025 JUL 05,"COMPRA EN CANAL ELECTRONI - BOLD*Bucaramanga Bon BOGOTA CO",,"ASCREDIBANCO",35000.00,0.00,10273022.63
2025 JUL 06,"COMPRA EN CANAL ELECTRONI - CAC*DROGUERIA MI FARMAZIPAQUIRA CO",,"ASCREDIBANCO",72200.00,0.00,10200822.63
2025 JUL 07,"DB PAGO PRESTAMO",00134200,INTERNET,1721970.00,0.00,8478852.63
2025 JUL 08,"COMPRA INTERNET - 293957018175201566 Pago multiples facturas Movistar",13953210,INTERNET,15980.00,0.00,8462872.63
2025 JUL 08,"COMPRA EN CANAL ELECTRONI - TIENDAS ARA ZIPAQUIRA CO",,"ASCREDIBANCO",35782.00,0.00,8427090.63
2025 JUL 11,"COMPRA EN CANAL ELECTRONI - PANADERIA Y PASTELERIABOGOTA BOGCO",,"REDEBAN",10500.00,0.00,8416590.63
2025 JUL 12,"COMPRA EN CANAL ELECTRONI - KOAJ ZIPAQUIRA ZIPAQUIRA CUNCO",,"REDEBAN",180700.00,0.00,8235890.63
2025 JUL 12,"RETIRO RED PROPIA",20479491,"ZIPAQUIRA III",200000.00,0.00,8035890.63
2025 JUL 13,"COMPRA EN CANAL ELECTRONI - ALMACEN LA REBAJA ZIPAQUIRA CUNCO",,"REDEBAN",54500.00,0.00,7981390.63
2025 JUL 13,"COMPRA EN CANAL ELECTRONI - BOLD*Parrilla Real ZIPAQUIRA CO",,"ASCREDIBANCO",52500.00,0.00,7928890.63
2025 JUL 14,"COMPRA EN CANAL ELECTRONI - OXXO ELEMENTO BOGOTA CO",,"ASCREDIBANCO",7450.00,0.00,7921440.63
2025 JUL 15,"DEBITO POR RECAUDO DOMICILIACIONES - CLARO HOGAR 70141243",,,60720.00,0.00,7860720.63
2025 JUL 15,"ABONO NOMINA - INTER RAPIDISPNOMINA QUINCENA",46832195,ACH,0.00,3852010.00,11712730.63
2025 JUL 16,"DB TRANSFEREN OTRA CUENTA",22910475,INTERNET,500000.00,0.00,11212730.63
2025 JUL 16,"DB PAGO PRESTAMO",00009939,"AVENIDA EL DORADO",4000000.00,0.00,7212730.63
2025 JUL 17,"COMPRA INTERNET - 123771752772370463 Recarga Nequi PSE",35365099,INTERNET,200000.00,0.00,7012730.63
2025 JUL 17,"RETIRO RED PROPIA",01579232,"AVENIDA EL DORADO",200000.00,0.00,6812730.63
2025 JUL 17,"COMPRA EN CANAL ELECTRONI - TIENDA D1 ARRECIFE BOGOTA CO",,"ASCREDIBANCO",22390.00,0.00,6790340.63
2025 JUL 19,"COMPRA EN CANAL ELECTRONI - CRAZYTOWN PARK CHIA CUNCO",,"REDEBAN",20000.00,0.00,6770340.63
2025 JUL 19,"COMPRA EN CANAL ELECTRONI - BOLD*Churros expres CHIA CO",,"ASCREDIBANCO",7000.00,0.00,6763340.63
2025 JUL 24,"COMPRA EN CANAL ELECTRONI - SUBWAY TEXACO 26 BOGOTA BOGCO",,"REDEBAN",14900.00,0.00,6748440.63
2025 JUL 25,"COMPRA INTERNET - 124641753464342852 RecargaNequiPSE",52721357,INTERNET,200000.00,0.00,6548440.63
2025 JUL 25,"DB O RETIRO OTRAS REDES - SVB 4558_CLL 26 62-491100100BOGOTABOGCO",45582466,SERVIBANCA,200000.00,0.00,6348440.63
2025 JUL 25,"COMPRA EN CANAL ELECTRONI - INVERSIONES MAVAZE BOGOTA BOGCO",,"REDEBAN",27600.00,0.00,6320840.63
2025 JUL 26,"COMPRA EN CANAL ELECTRONI - CAC*DROGUERIA MI FARMAZIPAQUIRA CO",,"ASCREDIBANCO",18100.00,0.00,6302740.63
2025 JUL 26,"COMPRA EN CANAL ELECTRONI - CAJA COMPENSACION COMPBOGOTA BOGCO",,"REDEBAN",19200.00,0.00,6283540.63
2025 JUL 26,"COMPRA EN CANAL ELECTRONI - BOLD*RESTAURANTE MAR CHIA CO",,"ASCREDIBANCO",144400.00,0.00,6139140.63
2025 JUL 26,"COMPRA EN CANAL ELECTRONI - HOMECENTER CHIA CAJICA CUNCO",,"REDEBAN",41900.00,0.00,6097240.63
2025 JUL 27,"COMPRA EN CANAL ELECTRONI - COMPREMAS 214 SOPO CUNCO",,"REDEBAN",10900.00,0.00,6086340.63
2025 JUL 27,"COMPRA EN CANAL ELECTRONI - DOLLARCITY PREMIUM OUTSOPO CO",,"ASCREDIBANCO",7500.00,0.00,6078840.63
2025 JUL 28,"COMPRA EN CANAL ELECTRONI - TIENDA D1 ARRECIFE BOGOTA CO",,"ASCREDIBANCO",24340.00,0.00,6054500.63
2025 JUL 30,"ABONO NOMINA - INTER RAPIDISPNOMINA QUINCENA",49642215,ACH,0.00,3581212.00,9635712.63
2025 JUL 31,"ABONO DE INTERESES",12345678,"CALLE 53",0.00,273.90,9635986.53
2025 AGO 01,"COMPRA EN CANAL ELECTRONI - SUBWAY TEXACO 26 BOGOTA BOGCO",,"REDEBAN",14900.00,0.00,9621086.53
2025 AGO 01,"DB O RETIRO OTRAS REDES - SVB 3277_Avda Dorado 1100100BOGOTABOGCO",32776777,SERVIBANCA,200000.00,0.00,9421086.53
2025 AGO 02,"COMPRA EN CANAL ELECTRONI - BOLD*Divertron ZIPAQUIRA CO",,"ASCREDIBANCO",13200.00,0.00,9407886.53
2025 AGO 03,"COMPRA EN CANAL ELECTRONI - PAN PA YA RMP LAS VILLZIPAQUIRA CO",,"ASCREDIBANCO",15400.00,0.00,9392486.53
2025 AGO 03,"COMPRA EN CANAL ELECTRONI - LOS CHILACOS RESTAURANZIPAQUIRA CO",,"ASCREDIBANCO",70000.00,0.00,9322486.53
2025 AGO 03,"COMPRA INTERNET - 152981754263820479 Recarga Nequi PSE",75249511,INTERNET,200000.00,0.00,9122486.53
2025 AGO 04,"COMPRA EN CANAL ELECTRONI - PA PARAR COMBUSCOL EL BOGOTA BOGCO",,"REDEBAN",18600.00,0.00,9103886.53
2025 AGO 06,"DB TRANSFEREN OTRA CUENTA",39931783,INTERNET,500000.00,0.00,8603886.53
2025 AGO 06,"TRASLADO A OTRA ENTIDAD",40310354,INTERNET,737171.00,0.00,7866715.53
2025 AGO 06,"COMPRA EN CANAL ELECTRONI - SUBWAY TEXACO 26 BOGOTA BOGCO",,"REDEBAN",14900.00,0.00,7851815.53
2025 AGO 07,"DEBITO POR RECAUDO DOMICILIACIONES - ENEL 78245684",,,72340.00,0.00,7779475.53
2025 AGO 07,"COMPRA EN CANAL ELECTRONI - BOLD*Palacio De La G ZIPAQUIRA CO",,"ASCREDIBANCO",78500.00,0.00,7700975.53
2025 AGO 07,"COMPRA EN CANAL ELECTRONI - PAYMENTS WAY BOGOTA CO",,"ASCREDIBANCO",351308.00,0.00,7349667.53
2025 AGO 09,"COMPRA EN CANAL ELECTRONI - COMPENSAR CAJICA CUNCO",,"REDEBAN",19200.00,0.00,7330467.53
2025 AGO 09,"DB PAGO PRESTAMO",00134200,INTERNET,1723740.00,0.00,5606727.53
2025 AGO 09,"COMPRA EN CANAL ELECTRONI - TIENDAS ARA ZIPAQUIRA CO",,"ASCREDIBANCO",20950.00,0.00,5585777.53
2025 AGO 10,"COMPRA EN CANAL ELECTRONI - LACTEOS DE ZIPAQUIRA ZIPAQUIRA CUNCO",,"REDEBAN",16500.00,0.00,5569277.53
2025 AGO 10,"COMPRA EN CANAL ELECTRONI - LA MORELLA GOURMET ZIPAQUIRA CUNCO",,"REDEBAN",50000.00,0.00,5519277.53
2025 AGO 11,"DB O RETIRO OTRAS REDES - SVB 3277_Avda Dorado 1100100BOGOTABOGCO",32777314,SERVIBANCA,200000.00,0.00,5319277.53
2025 AGO 12,"COMPRA EN CANAL ELECTRONI - TIENDA D1 ARRECIFE BOGOTA CO",,"ASCREDIBANCO",14200.00,0.00,5305077.53
2025 AGO 13,"COMPRA INTERNET - 188911755105156321 RecargaNequiPSE",98482165,INTERNET,200000.00,0.00,5105077.53
2025 AGO 14,"COMPRA INTERNET - 121794560721 Pago a traves de PSE 121794560721",00375293,INTERNET,67372.00,0.00,5037705.53
2025 AGO 14,"COMPRA EN CANAL ELECTRONI - TIENDA D1 ARRECIFE BOGOTA CO",,"ASCREDIBANCO",5400.00,0.00,5032305.53
2025 AGO 15,"COMPRA EN CANAL ELECTRONI - SUBWAY TEXACO 26 BOGOTA BOGCO",,"REDEBAN",10900.00,0.00,5021405.53
2025 AGO 15,"ABONO NOMINA - INTER RAPIDISPNOMINA QUINCENA",53023475,ACH,0.00,3852010.00,8873415.53
2025 AGO 17,"COMPRA EN CANAL ELECTRONI - MARKET POINT DC ZIPAQUIRA CUNCO",,"REDEBAN",14200.00,0.00,8859215.53
2025 AGO 17,"COMPRA EN CANAL ELECTRONI - ESTACION SANTA CECILIAPACHO CUNCO",,"REDEBAN",32740.00,0.00,8826475.53
2025 AGO 17,"COMPRA EN CANAL ELECTRONI - EDS DEIFRO PACHO CO",,"ASCREDIBANCO",16338.00,0.00,8810137.53
2025 AGO 18,"COMPRA EN CANAL ELECTRONI - SUPERMERCADO SIENNA ZIPAQUIRA CUNCO",,"REDEBAN",7500.00,0.00,8802637.53
2025 AGO 18,"COMPRA EN CANAL ELECTRONI - CAC*DROGUERIA MI FARMAZIPAQUIRA CO",,"ASCREDIBANCO",6500.00,0.00,8796137.53
2025 AGO 18,"COMPRA EN CANAL ELECTRONI - SUPERMERCADO SIENNA ZIPAQUIRA CUNCO",,"REDEBAN",16500.00,0.00,8779637.53
2025 AGO 19,"DB TRANSFEREN OTRA CUENTA",21568560,INTERNET,500000.00,0.00,8279637.53
2025 AGO 19,"DB PAGO PRESTAMO",00011718,"AVENIDA EL DORADO",4000000.00,0.00,4279637.53
2025 AGO 19,"DB O RETIRO OTRAS REDES - SVB 3277_Avda Dorado 1100100BOGOTABOGCO",32777623,SERVIBANCA,200000.00,0.00,4079637.53
2025 AGO 21,"COMPRA INTERNET - 169821755771997264 RecargaNequiPSE",16466532,INTERNET,200000.00,0.00,3879637.53
2025 AGO 21,"COMPRA EN CANAL ELECTRONI - SUBWAY TEXACO 26 BOGOTA BOGCO",,"REDEBAN",14900.00,0.00,3864737.53
2025 AGO 22,"COMPRA EN CANAL ELECTRONI - OXXO ELEMENTO BUCARAMANGA CO",,"ASCREDIBANCO",5750.00,0.00,3858987.53
2025 AGO 22,"COMPRA EN CANAL ELECTRONI - SUBWAY TEXACO 26 BOGOTA BOGCO",,"REDEBAN",10900.00,0.00,3848087.53
2025 AGO 23,"COMPRA EN CANAL ELECTRONI - BIOMAX LA ESTRELLA ZIPAQUIRA CUNCO",,"REDEBAN",167921.00,0.00,3680166.53
2025 AGO 23,"COMPRA EN CANAL ELECTRONI - COMPREMAS 101 ZIPAQUIRA CUNCO",,"REDEBAN",134300.00,0.00,3545866.53
2025 AGO 23,"COMPRA EN CANAL ELECTRONI - TIENDA D1 ZIPAQUIRA TOZIPAQUIRA CO",,"ASCREDIBANCO",36370.00,0.00,3509496.53
2025 AGO 24,"COMPRA EN CANAL ELECTRONI - TIENDAS ARA ZIPAQUIRA CO",,"ASCREDIBANCO",42270.00,0.00,3467226.53
2025 AGO 24,"COMPRA EN CANAL ELECTRONI - COMPREMAS 101 ZIPAQUIRA CUNCO",,"REDEBAN",11600.00,0.00,3455626.53
2025 AGO 25,"DB O RETIRO OTRAS REDES - SVB 3277_Avda Dorado 1100100BOGOTABOGCO",32777873,SERVIBANCA,200000.00,0.00,3255626.53
2025 AGO 28,"COMPRA INTERNET - 192681756380796876 RecargaNequiPSE",31829018,INTERNET,70000.00,0.00,3185626.53
2025 AGO 28,"COMPRA EN CANAL ELECTRONI - TIENDA D1 ARRECIFE BOGOTA CO",,"ASCREDIBANCO",20240.00,0.00,3165386.53
2025 AGO 29,"COMPRA EN CANAL ELECTRONI - SUBWAY TEXACO 26 BOGOTA BOGCO",,"REDEBAN",14900.00,0.00,3150486.53
2025 AGO 29,"ABONO NOMINA - INTER RAPIDISPNOMINA QUINCENA",55545235,ACH,0.00,3581212.00,6731698.53
2025 AGO 29,"COMPRA EN CANAL ELECTRONI - SALSAMENTARIA DEL ZIPAZIPAQUIRA CO",,"ASCREDIBANCO",42950.00,0.00,6688748.53
2025 AGO 29,"COMPRA EN CANAL ELECTRONI - GRAN FRUVAR DEL ZIPA ZIPAQUIRA CUNCO",,"REDEBAN",19400.00,0.00,6669348.53
2025 AGO 30,"RETIRO EFECT. CTA O CERT.",,"ZIPAQUIRA",3000000.00,0.00,3669348.53
2025 AGO 30,"COMPRA EN CANAL ELECTRONI - BOLD*Churros expres CHIA CO",,"ASCREDIBANCO",10000.00,0.00,3659348.53
2025 AGO 31,"COMPRA EN CANAL ELECTRONI - LACTEOS DE ZIPAQUIRA ZIPAQUIRA CUNCO",,"REDEBAN",54000.00,0.00,3605348.53
2025 AGO 31,"ABONO DE INTERESES",12345678,"CALLE 53",0.00,229.22,3605577.75
2025 SEP 01,"TRANSFERENCIAS TRANSFIYA",49413152,INTERNET,1500000.00,0.00,2105577.75
2025 SEP 03,"DB TRANSFEREN OTRA CUENTA",08805017,INTERNET,500000.00,0.00,1605577.75
2025 SEP 03,"DB O RETIRO OTRAS REDES - SVB 2636_Carrera 61 #1100100BOGOTABOGCO",26363930,SERVIBANCA,200000.00,0.00,1405577.75
2025 SEP 03,"TRANSFERENCIAS TRANSFIYA",46604098,INTERNET,300000.00,0.00,1105577.75
2025 SEP 03,"COMPRA EN CANAL ELECTRONI - BOLD*CROKERS ZIPAQUIRA CO",,"ASCREDIBANCO",11800.00,0.00,1093777.75
2025 SEP 04,"COMPRA EN CANAL ELECTRONI - TIENDA D1 ARRECIFE BOGOTA CO",,"ASCREDIBANCO",15400.00,0.00,1078377.75
2025 SEP 05,"DEBITO POR RECAUDO DOMICILIACIONES - ENEL 78245684",,,78670.00,0.00,999707.75
2025 SEP 05,"COMPRA EN CANAL ELECTRONI - SUBWAY TEXACO 26 BOGOTA BOGCO",,"REDEBAN",14900.00,0.00,984807.75
2025 SEP 06,"COMPRA EN CANAL ELECTRONI - KFC ZIPAQUIRA BOGOTA CO",,"ASCREDIBANCO",67100.00,0.00,917707.75
2025 SEP 06,"COMPRA EN CANAL ELECTRONI - LA MORELLA GOURMET ZIPAQUIRA CUNCO",,"REDEBAN",51000.00,0.00,866707.75
2025 SEP 07,"COMPRA EN CANAL ELECTRONI - TIENDAS ARA ZIPAQUIRA CO",,"ASCREDIBANCO",48880.00,0.00,817827.75
2025 SEP 09,"DEBITO POR RECAUDO - BANCO CAJA SOCIAL BC92586251 23931962 0701",,"INTERNET",42674.00,0.00,775153.75
2025 SEP 11,"DB O RETIRO OTRAS REDES - SVB 2636_Carrera 61 #1100100BOGOTABOGCO",26364779,SERVIBANCA,200000.00,0.00,575153.75
2025 SEP 11,"COMPRA EN CANAL ELECTRONI - SUBWAY TEXACO 26 BOGOTA BOGCO",,"REDEBAN",14900.00,0.00,560253.75
2025 SEP 12,"COMPRA INTERNET - 7127016898 PAGO BANCO POPULAR - TARJETA DE CR DITO VI",72637656,INTERNET,94772.00,0.00,465481.75
2025 SEP 13,"COMPRA EN CANAL ELECTRONI - SUBWAY CLINICA COUNTRYBOGOTA CO",,"ASCREDIBANCO",14900.00,0.00,450581.75
2025 SEP 14,"COMPRA INTERNET - 307788216175786948 Pago multiples facturas Movistar",75502223,INTERNET,24393.00,0.00,426188.75
2025 SEP 14,"COMPRA EN CANAL ELECTRONI - PAYMENTS WAY BOGOTA CO",,"ASCREDIBANCO",308513.00,0.00,117675.75
2025 SEP 15,"ABONO NOMINA - INTER RAPIDISPNOMINA QUINCENA",58625023,ACH,0.00,3852010.00,3969685.75
2025 SEP 16,"DB TRANSFEREN OTRA CUENTA",55230859,INTERNET,500000.00,0.00,3469685.75
2025 SEP 17,"DB O RETIRO OTRAS REDES - SVB 2636_Carrera 61 #1100100BOGOTABOGCO",26365256,SERVIBANCA,200000.00,0.00,3269685.75
2025 SEP 17,"COMPRA EN CANAL ELECTRONI - SUBWAY TEXACO 26 BOGOTA BOGCO",,"REDEBAN",14900.00,0.00,3254785.75
2025 SEP 20,"COMPRA EN CANAL ELECTRONI - CARULLA FRESH COUNTRY BOGOTA CO",,"ASCREDIBANCO",2015.00,0.00,3252770.75
2025 SEP 20,"COMPRA EN CANAL ELECTRONI - SUBWAY CLINICA COUNTRYBOGOTA CO",,"ASCREDIBANCO",18900.00,0.00,3233870.75
2025 SEP 20,"COMPRA EN CANAL ELECTRONI - EDS PONTEVEDRA FR MEDELLIN CO",,"ASCREDIBANCO",145492.00,0.00,3088378.75
2025 SEP 21,"COMPRA EN CANAL ELECTRONI - TIENDA D1 LA ESPANOLA BOGOTA CO",,"ASCREDIBANCO",43770.00,0.00,3044608.75
2025 SEP 22,"COMPRA INTERNET - 595058 SIMILPAY - EMPRESAS P BLICAS DE ZIPAQUIR",94408664,INTERNET,114174.00,0.00,2930434.75
2025 SEP 22,"DB PAGO PRESTAMO",00134200,INTERNET,1727330.00,0.00,1203104.75
2025 SEP 23,"TRANSFERENCIAS TRANSFIYA",25517682,INTERNET,200000.00,0.00,1003104.75
2025 SEP 24,"DB O RETIRO OTRAS REDES - SVB 2636_Carrera 61 #1100100BOGOTABOGCO",26366208,SERVIBANCA,200000.00,0.00,803104.75
2025 SEP 26,"COMPRA EN CANAL ELECTRONI - SUBWAY TEXACO 26 BOGOTA BOGCO",,"REDEBAN",14900.00,0.00,788204.75
2025 SEP 26,"COMPRA EN CANAL ELECTRONI - PAN PA YA RMP LAS VILLZIPAQUIRA CO",,"ASCREDIBANCO",16200.00,0.00,772004.75
2025 SEP 27,"COMPRA INTERNET - 127205461989 Pago a traves de PSE 127205461989",07211771,INTERNET,86280.00,0.00,685724.75
2025 SEP 29,"COMPRA EN CANAL ELECTRONI - TIENDAS ARA ZIPAQUIRA CO",,"ASCREDIBANCO",31180.00,0.00,654544.75
2025 SEP 30,"DB O RETIRO OTRAS REDES - SVB 2636_Carrera 61 #1100100BOGOTABOGCO",26367124,SERVIBANCA,200000.00,0.00,454544.75
2025 SEP 30,"ABONO NOMINA - INTER RAPIDISPNOMINA QUINCENA",61505138,ACH,0.00,3581212.00,4035756.75
2025 SEP 30,"ABONO DE INTERESES",12345678,"CALLE 53",0.00,107.68,4035864.43
